@author{xfab,
  author = {X-FAB},
  title = {{X-FAB Silicon Foundries SE gibt die
  Ergebnisse seines BÃ¶rsengangs bekannt}},
  howpublished = "\url{https://www.xfab.com/fileadmin/X-FAB/Investor_Relations/X_FAB_IPO_Results_Press_Release_German.pdf}",
  year = {2017},
}